@misc{NanoSpin,
  title = {Page de l'Ã©quipe {N}ano{S}pin},
  howpublished = {\url{http://neel.cnrs.fr/spip.php?rubrique51}},
}
@misc{InterviewFB,
  title = {Interview de {F}ranck {B}alestro site {UJF}},
  howpublished = {\url{https://www.ujf-grenoble.fr/node/8357}},
}

@book{goossens93,
    author    = "Goossens, Michel and Mittlebach, Frank and Samarin, Alexander",
    title     = "The Latex Companion",
    year      = "1993",
    publisher = "Addison-Wesley",
}
